@article{07478155,
	author    = {me},
	title     = {Recurrent Convolutional Fusion for {RGB-D} Object Recognition},
	journal   = {CoRR},
	volume    = {abs/1806.01673},
	year      = {2018},
	url       = {http://arxiv.org/abs/1806.01673},
	archivePrefix = {arXiv},
	eprint    = {1806.01673},
	timestamp = {Mon, 13 Aug 2018 16:48:02 +0200},
	biburl    = {https://dblp.org/rec/journals/corr/abs-1806-01673.bib},
	bibsource = {dblp computer science bibliography, https://dblp.org}
}